@misc{teoremamorgan,
    author = {Matemáticas uno},
    title = {El teorema de Morgan y su sencilla explicación},
    year = {2025},
    howpublished = {https://matematicas.uno/el-teorema-de-morgan-y-su-sencilla-explicacion/?expand_article=1&expand_article=1},
    note = {Consultado el 19 de agosto de 2025},
}